<record xmlns:xsi="http://www.w3.org/2001/XMLSchema-instance" xmlns="http://www.loc.gov/MARC21/slim" xsi:schemaLocation="http://www.loc.gov/MARC21/slim http://www.loc.gov/standards/marcxml/schema/MARC21slim.xsd">

  <leader>00505nam a2200157Ia 4500</leader>
  <controlfield tag="008">150803b1978    sp ||||| |||| 00| | spa d</controlfield>
  <datafield tag="020" ind2=" " ind1=" ">
    <subfield code="a">84277-352-</subfield>
  </datafield>
  <datafield ind1=" " ind2=" " tag="090">
    <subfield code="a">06.01.01 </subfield>
    <subfield code="b">2120</subfield>
  </datafield>
  <datafield ind2=" " ind1="1" tag="100">
    <subfield code="a">Roberts, Thomas</subfield>
    <subfield code="9">664</subfield>
  </datafield>
  <datafield tag="245" ind1="1" ind2="0">
    <subfield code="a">4 psicologías aplicadas a la educación. I Freudiana / Transpersonal / </subfield>
    <subfield code="c">Thomas Roberts</subfield>
  </datafield>
  <datafield tag="260" ind2=" " ind1=" ">
    <subfield code="a">Madrid : </subfield>
    <subfield code="b">Narcea S.A. de ediciones, </subfield>
    <subfield code="c">1978</subfield>
  </datafield>
  <datafield ind2=" " ind1=" " tag="300">
    <subfield code="a">311 páginas</subfield>
  </datafield>
  <datafield ind2=" " ind1=" " tag="500">
    <subfield code="a">La Unidad posee tomo I</subfield>
  </datafield>
  <datafield tag="650" ind2="0" ind1=" ">
    <subfield code="a">PSICOLOGÍA DE LA EDUCACIÓN</subfield>
    <subfield code="9">625</subfield>
  </datafield>
  <datafield tag="942" ind1=" " ind2=" ">
    <subfield code="2">z</subfield>
    <subfield code="c">01</subfield>
  </datafield>
  <datafield tag="999" ind2=" " ind1=" ">
    <subfield code="c">167</subfield>
    <subfield code="d">167</subfield>
  </datafield>
</record>